
@ONLINE{wikidoublependulum,
author = {Wikipedia},
title = {Double Pendulum},
month = jan,
year = {2013},
url = {\newline\small http://en.wikipedia.org/w/index.php?title=Double\_pendulum\&oldid=528379935}
}

