
@misc{wikichaos,
  author = {Wikipedia},
  title = {Chaosforschung},
  month = jan,
  year = {2013},
  url = {\newline\small https://de.wikipedia.org/w/index.php?title=Chaosforschung\&oldid=113770844}
}

@misc{wikidoublependulum,
  author = {Wikipedia},
  title = {Double Pendulum},
  month = jan,
  year = {2013},
  url = {\newline\small http://en.wikipedia.org/w/index.php?title=Double\_pendulum\&oldid=528379935}
}

@misc{wikimagnetisch,
  author = {Wikipedia},
  title = {Magnetisches Pendel},
  month = jan,
  year = {2013},
  url = {\newline\small http://de.wikipedia.org/w/index.php?title=Magnetisches\_Pendel\&oldid=114396864}
}

@misc{wikirungekutta,
  author = {Wikipedia},
  title = {Klassisches Runge-Kutta-Verfahren},
  month = jan,
  year = {2013},
  url = {\newline\footnotesize http://de.wikipedia.org/w/index.php?title=Klassisches\_Runge-Kutta-Verfahren\&oldid=96664097}
}



